% This file was created with JabRef 2.3.1.
% Encoding: utf8

@ARTICLE{pycsp-r147,
  author = {Rune Møllegård Friborg (runedrengen)},
  title = {PyCSP revision r147},
  journal = {http://code.google.com/p/pycsp},
  year = {2009},
  month = {12},
  owner = {shamran},
  timestamp = {2010.01.18},
  url = {http://code.google.com/p/pycsp/source/detail?r=147},
  urldate = {2010.01.18}
}

@INPROCEEDINGS{crew,
  author = {Fred R. M. Barnes and Peter H. Welch and Adam T. Sampson},
  title = {Barrier Synchronisation for occam-pi},
  booktitle = {PDPTA},
  year = {2005},
  pages = {173-179},
  bibsource = {DBLP, http://dblp.uni-trier.de}
}

@ARTICLE{wator,
  author = {Alexander Keewatin Dewdney},
  title = {Sharks and fish wage an ecological war on the toroidal planet Wa-Tor},
  journal = {Scientific American},
  year = {1984},
  volume = {Dec: 14-22}
}

@INPROCEEDINGS{Friborg2009,
  author = {Rune Møllegård Friborg and John Marcus Bjørndalen and Brian Vintrer},
  title = {Three Unique Implementations of Processes for PyCSP},
  booktitle = {Communicating Process Architectures},
  year = {2009},
  note = {(to appear)},
  owner = {shamran},
  timestamp = {2010.01.19}
}

