% This file was created with JabRef 2.3.1.
% Encoding: utf8

@MISC{akamai,
  author = {www.akamai.com},
  owner = {shamran},
  timestamp = {2009.03.28},
  url = {http://www.akamai.com/},
  urldate = {2009-03-28}
}

@MISC{fasttrack,
  author = {www.wikipedia.org},
  title = {Fasttrack},
  owner = {shamran},
  timestamp = {2009.03.27},
  url = {http://en.wikipedia.org/wiki/FastTrack},
  urldate = {2009-03-28}
}

@MISC{flood,
  author = {www.wikipedia.org},
  title = {Flooding},
  owner = {shamran},
  timestamp = {2009.03.28},
  url = {http://en.wikipedia.org/wiki/Flooding_algorithm},
  urldate = {2009-03-28}
}

@MISC{gnutella,
  author = {www.limewire.org},
  title = {Gnutella},
  owner = {shamran},
  timestamp = {2009.03.27},
  url = {http://wiki.limewire.org/index.php?title=GDF},
  urldate = {2009-03-28}
}

@MISC{jxta,
  author = {https://jxta.dev.java.net/},
  title = {JXTA},
  owner = {shamran},
  timestamp = {2009.03.28},
  url = {https://jxta.dev.java.net/},
  urldate = {2009-03-28}
}

@MISC{msn,
  author = {www.messenger.live.com},
  title = {MSN Messenger},
  owner = {shamran},
  timestamp = {2009.03.27},
  url = {www.messenger.live.com}
}

@MISC{napsterdie,
  author = {www.wikipedia.org},
  title = {Napster},
  owner = {shamran},
  timestamp = {2009.03.27},
  url = {http://en.wikipedia.org/wiki/Napster},
  urldate = {2009-03-28}
}

@MISC{practicaljxta,
  author = {www.dawningstreams.com},
  title = {Practical JXTA},
  owner = {shamran},
  timestamp = {2009.03.28},
  url = {http://www.dawningstreams.com/practicaljxta/index.html},
  urldate = {2009-03-28}
}

@MISC{programmingguide,
  author = {www.java.net},
  title = {Programming guide},
  owner = {shamran},
  timestamp = {2009.03.28},
  url = {https://jxta-guide.dev.java.net/},
  urldate = {2009-03-28}
}

@MISC{skype,
  author = {www.skype.com},
  title = {Skype},
  owner = {shamran},
  timestamp = {2009.03.28},
  url = {http://www.skype.com},
  urldate = {2009-03-28}
}

@ARTICLE{empscale,
  author = {Asvanund,, Atip and Clay,, Karen and Krishnan,, Ramayya and Smith,,
	Michael D.},
  title = {An Empirical Analysis of Network Externalities in Peer-to-Peer Music-Sharing
	Networks},
  journal = {Info. Sys. Research},
  year = {2004},
  volume = {15},
  pages = {155--174},
  number = {2},
  address = {Institute for Operations Research and the Management Sciences (INFORMS).
	Linthicum, Maryland. USA},
  doi = {http://dx.doi.org/10.1287/isre.1040.0020},
  issn = {1526-5536},
  publisher = {INFORMS}
}

@MISC{pstore,
  author = {Christopher Batten and Kenneth Barr and Arvind Saraf and Stanley
	Trepetin},
  title = {pStore: A Secure Peer-to-Peer Backup System *}
}

@ARTICLE{napster,
  author = {Bolla, R. and Gaeta, R. and Magnetto, A. and Sciuto, M. and Sereno,
	M.},
  title = {A measurement study supporting P2P file-sharing community models},
  journal = {Comput. Netw.},
  year = {2009},
  volume = {53},
  pages = {485--500},
  number = {4},
  address = {New York, NY, USA},
  doi = {http://dx.doi.org/10.1016/j.comnet.2008.11.007},
  issn = {1389-1286},
  publisher = {Elsevier North-Holland, Inc.}
}

@INPROCEEDINGS{bolosky,
  author = {Bolosky,, William J. and Douceur,, John R. and Ely,, David and Theimer,,
	Marvin},
  title = {Feasibility of a serverless distributed file system deployed on an
	existing set of desktop PCs},
  booktitle = {SIGMETRICS '00: Proceedings of the 2000 ACM SIGMETRICS international
	conference on Measurement and modeling of computer systems},
  year = {2000},
  pages = {34--43},
  address = {New York, NY, USA},
  publisher = {ACM},
  doi = {http://doi.acm.org/10.1145/339331.339345},
  isbn = {1-58113-194-1}
}

@INPROCEEDINGS{chawathe,
  author = {Chawathe,, Yatin and Ratnasamy,, Sylvia and Breslau,, Lee and Lanham,,
	Nick and Shenker,, Scott},
  title = {Making gnutella-like P2P systems scalable},
  booktitle = {SIGCOMM '03: Proceedings of the 2003 conference on Applications,
	technologies, architectures, and protocols for computer communications},
  year = {2003},
  pages = {407--418},
  address = {New York, NY, USA},
  publisher = {ACM},
  doi = {http://doi.acm.org/10.1145/863955.864000},
  isbn = {1-58113-735-4}
}

@INPROCEEDINGS{cfs,
  author = {Dabek,, Frank and Kaashoek,, M. Frans and Karger,, David and Morris,,
	Robert and Stoica,, Ion},
  title = {Wide-area cooperative storage with CFS},
  booktitle = {SOSP '01: Proceedings of the eighteenth ACM symposium on Operating
	systems principles},
  year = {2001},
  pages = {202--215},
  publisher = {ACM},
  doi = {http://doi.acm.org/10.1145/502034.502054},
  isbn = {1-58113-389-8},
  location = {Banff, Alberta, Canada}
}

@ARTICLE{Dabek2001,
  author = {Dabek, Frank and Kaashoek, M. Frans and Karger, David and Morris,
	Robert and Stoica, Ion},
  title = {Wide-area cooperative storage with CFS},
  journal = {SIGOPS Oper. Syst. Rev.},
  year = {2001},
  volume = {35},
  pages = {202--215},
  number = {5},
  address = {New York, NY, USA},
  doi = {http://doi.acm.org/10.1145/502059.502054},
  issn = {0163-5980},
  publisher = {ACM}
}

@MISC{cw,
  author = {Mads Elkær},
  title = {DR fordobler sin kapacitet på direkte net-tv},
  year = {2007},
  journal = {www.computerworld.dk},
  owner = {shamran},
  timestamp = {2009.03.28},
  url = {http://www.computerworld.dk/art/37622/dr-fordobler-sin-kapacitet-paa-direkte-net-tv},
  urldate = {2009-03-28}
}

@MISC{dibs,
  author = {Eugene Hsu and Jeff Mellen and Pallavi Naresh},
  title = {DIBS: Distributed Backup for Local Area Networks}
}

@INPROCEEDINGS{fileteller,
  author = {John Ioannidis and Sotiris Ioannidis and Angelos Keromytis and Vassilis
	Prevelakis},
  title = {Fileteller: Paying and Getting Paid for File Storage},
  booktitle = {In Proceedings of the Sixth International Conference on Financial
	Cryptography},
  year = {2002},
  pages = {282--299}
}

@MISC{jovanovic,
  author = {M. Jovanovic and F. Annexstein and K. Berman},
  title = {Scalability issues in large peer-to-peer networks - a case study
	of gnutella},
  year = {2001},
  text = {M. Jovanovic, F. Annexstein, and K. Berman. Scalability issues in
	large peer-to-peer networks - a case study of gnutella. Technical
	report, University of Cincinnati, January 2001.},
  url = {citeseer.ist.psu.edu/jovanovic01scalability.html}
}

@INPROCEEDINGS{Karger1997,
  author = {Karger, David and Lehman, Eric and Leighton, Tom and Panigrahy, Rina
	and Levine, Matthew and Lewin, Daniel},
  title = {Consistent hashing and random trees: distributed caching protocols
	for relieving hot spots on the World Wide Web},
  booktitle = {STOC '97: Proceedings of the twenty-ninth annual ACM symposium on
	Theory of computing},
  year = {1997},
  pages = {654--663},
  publisher = {ACM},
  doi = {http://doi.acm.org/10.1145/258533.258660},
  isbn = {0-89791-888-6},
  location = {El Paso, Texas, United States}
}

@MASTERSTHESIS{resilia,
  author = {Fernando Meira},
  title = {A P2P Backup System for Small and Medium-Sized Enterprises},
  school = {Danmarks Tekniske Universitet},
  year = {2007},
  owner = {ebdrup},
  timestamp = {2009.03.31}
}

@ARTICLE{Ngan,
  author = {Tsuen-Wan "Johnny" Ngan and Dan S. Wallach and Peter Druschel},
  title = {Enforcing Fair Sharing of Peer-to-Peer Resources},
  year = {u. å.},
  owner = {ebdrup},
  timestamp = {2009.03.03}
}

@TECHREPORT{Plaxton1997,
  author = {Plaxton,, C. G and Rajaraman,, Rajmohan and Richa,, Andrea W.},
  title = {Accessing Nearby Copies of Replicated Objects in a Distributed Environment},
  year = {1997},
  address = {Austin, TX, USA},
  publisher = {University of Texas at Austin}
}

@ARTICLE{IDA,
  author = {Michael O. Rabin},
  title = {Efficient Dispersal of Information for Security, Load Balancing and
	Fault Tolerance},
  year = {1989}
}

@MISC{rfcsip,
  author = {J. Rosenberg and H. Schulzrinne and G. Camarillo and A. Johnston
	and J. Peterson and R. Sparks and M. Handley and E. Schooler},
  title = {RFC 3261, SIP: Standard Initiation Protocol},
  year = {2002},
  url = {http://www.ietf.org/rfc/rfc3261.txt}
}

@ARTICLE{past,
  author = {Rowstron,, Antony and Druschel,, Peter},
  title = {Storage management and caching in PAST, a large-scale, persistent
	peer-to-peer storage utility},
  year = {2001},
  pages = {188--201},
  address = {New York, NY, USA},
  booktitle = {SOSP '01: Proceedings of the eighteenth ACM symposium on Operating
	systems principles},
  doi = {http://doi.acm.org/10.1145/502034.502053},
  isbn = {1-58113-389-8},
  publisher = {ACM}
}

@INPROCEEDINGS{Rowstron2001,
  author = {Rowstron,, Antony I. T. and Druschel,, Peter},
  title = {Pastry: Scalable, Decentralized Object Location, and Routing for
	Large-Scale Peer-to-Peer Systems},
  booktitle = {Middleware '01: Proceedings of the IFIP/ACM International Conference
	on Distributed Systems Platforms Heidelberg},
  year = {2001},
  pages = {329--350},
  address = {London, UK},
  publisher = {Springer-Verlag},
  isbn = {3-540-42800-3}
}

@ARTICLE{shamir,
  author = {Shamir, Adi},
  title = {How to share a secret},
  journal = {Commun. ACM},
  year = {1979},
  volume = {22},
  pages = {612--613},
  number = {11},
  address = {New York, NY, USA},
  doi = {http://doi.acm.org/10.1145/359168.359176},
  issn = {0001-0782},
  publisher = {ACM}
}

@ARTICLE{Stoica2003,
  author = {Stoica, I. and Morris, R. and Liben-Nowell, D. and Karger, D.R. and
	Kaashoek, M.F. and Dabek, F. and Balakrishnan, H.},
  title = {Chord: a scalable peer-to-peer lookup protocol for Internet applications},
  journal = {Networking, IEEE/ACM Transactions on},
  year = {2003},
  volume = {11},
  pages = {17--32},
  number = {1},
  booktitle = {Proc. IEEE/ACM Transactions on Networking},
  doi = {10.1109/TNET.2002.808407},
  issn = {1063-6692},
  keywords = {Internet, file organisation, protocols, routing protocols, table lookup,
	Chord routing protocol, Internet applications, consistent hashing,
	data location, distributed protocol, lookup protocol, peer-to-peer
	applications},
  owner = {simon},
  timestamp = {2009.03.11}
}

@INPROCEEDINGS{Traversat2003,
  author = {Traversat, Bernard and Abdelaziz, M. and Doolin, D. and Duigou, M.
	and Hugly, J.-C. and Pouyoul, E.},
  title = {Project JXTA-C: enabling a Web of things},
  booktitle = {Proc. 36th Annual Hawaii International Conference on System Sciences},
  year = {2003},
  pages = {9pp.},
  month = {1},
  doi = {10.1109/HICSS.2003.1174816},
  owner = {simon},
  timestamp = {2009.03.20}
}

@MISC{Traversat2001,
  author = {Bernard Traversat and Mohamed Abdelaziz and Mike Duigou and Jean-christophe
	Hugly and Eric Pouyoul and Bill Yeager},
  title = {Introduction Project JXTA Virtual Network},
  year = {2001},
  url = {www.jxta.org/docs/JXTAprotocols.pdf}
}

@MISC{Traversat03,
  author = {Bernard Traversat and Mohamed Abdelaziz and Eric Pouyoul},
  title = {Project JXTA: A Loosely-Consistent DHT Rendezvous Walker},
  year = {2003},
  url = {http://www.jxta.org/docs/jxta-dht.pdf}
}

@INPROCEEDINGS{tangler,
  author = {Marc Waldman and David Mazières},
  title = {Tangler: A Censorship-Resistant Publishing System Based On Document
	Entanglements},
  booktitle = {In Proceedings of the 8th ACM Conference on Computer and Communications
	Security},
  year = {2001},
  pages = {126--135},
  publisher = {ACM Press}
}

@ARTICLE{small-world,
  author = {Duncan J. Watts and Steven H. Strogatz},
  title = {Collective dynamics of 'small-world' networks},
  journal = {Nature},
  year = {1998},
  volume = {393},
  pages = {440-442},
  doi = {10.1038/30918},
  owner = {ebdrup},
  timestamp = {2009.03.30}
}

@BOOK{Wilson2002,
  title = {JXTA},
  publisher = {New Riders Publishing},
  year = {2002},
  editor = {Kristy Knoop},
  author = {Brendon J. Wilson},
  owner = {simon},
  timestamp = {2009.03.05}
}

