@Comment{$ biblatex control file $}
@Comment{$ biblatex version 0.8i $}
Do not modify the above lines!

This is an auxiliary file used by the 'biblatex' package.
This file may safely be deleted. It will be recreated as
required.

@Control{biblatex-control,
  ctrl-options     = {0.8i:0:0:0:0:1:1:0:0:0:0:0:2:1:3:1:79:+},
}
