% This file was created with JabRef 2.3.1.
% Encoding: utf8

@ARTICLE{wator,
    author =  {Alexander Keewatin Dewdney},
    title = {Sharks and fish wage an ecological war on the toroidal planet Wa-Tor},
    journal = {Scientific American},
    year = {1984},
    volume = {Dec: 14-22}
}

@MISC{skype,
  author = {www.skype.com},
  title = {Skype},
  owner = {shamran},
  timestamp = {2009.03.28},
  url = {http://www.skype.com},
  urldate = {2009-03-28}
}

@ARTICLE{empscale,
  author = {Asvanund,, Atip and Clay,, Karen and Krishnan,, Ramayya and Smith,,
	Michael D.},
  title = {An Empirical Analysis of Network Externalities in Peer-to-Peer Music-Sharing
	Networks},
  journal = {Info. Sys. Research},
  year = {2004},
  volume = {15},
  pages = {155--174},
  number = {2},
  address = {Institute for Operations Research and the Management Sciences (INFORMS).
	Linthicum, Maryland. USA},
  doi = {http://dx.doi.org/10.1287/isre.1040.0020},
  issn = {1526-5536},
  publisher = {INFORMS}
}


@INPROCEEDINGS{bolosky,
  author = {Bolosky,, William J. and Douceur,, John R. and Ely,, David and Theimer,,
	Marvin},
  title = {Feasibility of a serverless distributed file system deployed on an
	existing set of desktop PCs},
  booktitle = {SIGMETRICS '00: Proceedings of the 2000 ACM SIGMETRICS international
	conference on Measurement and modeling of computer systems},
  year = {2000},
  pages = {34--43},
  address = {New York, NY, USA},
  publisher = {ACM},
  doi = {http://doi.acm.org/10.1145/339331.339345},
  isbn = {1-58113-194-1}
}


@MASTERSTHESIS{resilia,
  author = {Fernando Meira},
  title = {A P2P Backup System for Small and Medium-Sized Enterprises},
  school = {Danmarks Tekniske Universitet},
  year = {2007},
  owner = {ebdrup},
  timestamp = {2009.03.31}
}


@TECHREPORT{Plaxton1997,
  author = {Plaxton,, C. G and Rajaraman,, Rajmohan and Richa,, Andrea W.},
  title = {Accessing Nearby Copies of Replicated Objects in a Distributed Environment},
  year = {1997},
  address = {Austin, TX, USA},
  publisher = {University of Texas at Austin}
}


@BOOK{Wilson2002,
  title = {JXTA},
  publisher = {New Riders Publishing},
  year = {2002},
  editor = {Kristy Knoop},
  author = {Brendon J. Wilson},
  owner = {simon},
  timestamp = {2009.03.05}
}

